@article{hoare_csp,
 author = {Hoare, C. A. R.},
 title = {Communicating Sequential Processes},
 journal = {Commun. ACM},
 issue_date = {Aug. 1978},
 volume = {21},
 number = {8},
 month = aug,
 year = {1978},
 issn = {0001-0782},
 pages = {666--677},
 numpages = {12},
 url = {http://doi.acm.org/10.1145/359576.359585},
 doi = {10.1145/359576.359585},
 acmid = {359585},
 publisher = {ACM},
 address = {New York, NY, USA},
 keywords = {classes, concurrency, conditional critical regions, coroutines, data representations, guarded commands, input, iterative arrays, monitors, multiple entries, multiple exits, nondeterminacy, output, parallel programming, procedures, program structures, programming, programming languages, programming primitives, recursion},
} 

@article{multiarmeconomy,
	title = {Multi-armed bandit experiments in the online service economy},
	author  = {Steven L. Scott},
	year  = 2015,
	URL = {http://onlinelibrary.wiley.com/doi/10.1002/asmb.2104/abstract},
	note  = {Special issue on actual impact and future perspectives on stochastic modelling in business and industry},
	journal = {Applied Stochastic Models in Business and Industry},
	pages = {37--49},
	volume  = {31}
}

@inproceedings{overlapgoogle,
	title = {Overlapping Experiment Infrastructure: More, Better, Faster Experimentation},
	author  = {Diane Tang and Ashish Agarwal and Deirdre O'Brien and Mike Meyer},
	year  = 2010,
	booktitle = {Proceedings 16th Conference on Knowledge Discovery and Data Mining},
	pages = {17--26},
	address = {Washington, DC}
}

@inproceedings{planout,
	Author = {Bakshy, E. and Eckles, D. and Bernstein, M. S.},
	Booktitle = {Proceedings of the 23rd ACM conference on the World Wide Web},
	Organization = {ACM},
	Title = {Designing and Deploying Online Field Experiments},
	Year = {2014}
}